<record><leader>00000cas a22000007a 4500</leader><controlfield tag="001">21500433</controlfield><controlfield tag="008">900509d187u1908mouwr ne      0    0eng d</controlfield><datafield ind1=" " ind2=" " tag="010"><subfield code="a">sn 90061341 </subfield></datafield><datafield ind1=" " ind2=" " tag="040"><subfield code="a">MQN</subfield><subfield code="b">eng</subfield><subfield code="c">MQN</subfield><subfield code="d">MGN</subfield><subfield code="d">OCLCQ</subfield></datafield><datafield ind1=" " ind2=" " tag="042"><subfield code="a">msc</subfield></datafield><datafield ind1="0" ind2="0" tag="245"><subfield code="a">Poplar Bluff citizen.</subfield></datafield><datafield ind1=" " ind2=" " tag="260"><subfield code="a">Poplar Bluff, Mo. :</subfield><subfield code="b">Kelly &amp; Atterton</subfield></datafield><datafield ind1=" " ind2=" " tag="300"><subfield code="a">v.</subfield></datafield><datafield ind1=" " ind2=" " tag="310"><subfield code="a">Weekly</subfield></datafield><datafield ind1="1" ind2=" " tag="362"><subfield code="a">Ceased in 1908.</subfield></datafield><datafield ind1=" " ind2=" " tag="515"><subfield code="a">Numbering changed from vols. to years with issue for Apr. 24, 1908.</subfield></datafield><datafield ind1=" " ind2=" " tag="588"><subfield code="a">Description based on: Vol. 10, no. 1 (Aug. 30, 1878).</subfield></datafield><datafield ind1=" " ind2=" " tag="752"><subfield code="a">United States</subfield><subfield code="b">Missouri</subfield><subfield code="c">Butler</subfield><subfield code="d">Poplar Bluff.</subfield></datafield><datafield ind1="0" ind2=" " tag="775"><subfield code="t">Evening citizen (Poplar Bluff, Mo.)</subfield><subfield code="w">(DLC)sn 90061345</subfield></datafield><datafield ind1="0" ind2="0" tag="780"><subfield code="t">Black River news (Poplar Bluff, Mo. : 1869)</subfield><subfield code="w">(DLC)sn 85034064</subfield></datafield><datafield ind1="0" ind2="7" tag="785"><subfield code="t">Butler County democrat (Poplar Bluff, Mo. : Weekly)</subfield><subfield code="w">(DLC)sn 90061342</subfield></datafield><datafield ind1="0" ind2="7" tag="785"><subfield code="t">Weekly citizen-democrat</subfield><subfield code="w">(DLC)sn 90061346</subfield></datafield></record>